% Encoding: UTF-8

@inbook{aho2007compilers::loop_unrolling,
chapter = {9.6 Loops in Flow Graphs},
crossref = {aho2007compilers}
}
@inbook{aho2007compilers::handling_irreducible,
chapter = {9.7.6 Handling Nonreducible Flow Graphs},
crossref = {aho2007compilers}
}
@inbook{Dasgupta:2006:ALG:1177299::dfs,
  chapter = {3.3 Depth-first search in directed graphs},
  crossref = {Dasgupta:2006:ALG:1177299}
} 
@book{mckenney2017parallel,
  title={Is parallel programming hard, and, if so, what can you do about it?(v2017. 01.02 a)},
  author={McKenney, Paul E},
  journal={arXiv preprint arXiv:1701.00854},
  year={2017}
}

@article{lamport1979make,
  title={How to make a multiprocessor computer that correctly executes multiprocess program},
  author={Lamport, Leslie},
  journal={IEEE transactions on computers},
  number={9},
  pages={690--691},
  year={1979},
  publisher={IEEE}
}
{sewell2010x86,
  title={x86-TSO: a rigorous and usable programmer's model for x86 multiprocessors},
  author={Sewell, Peter and Sarkar, Susmit and Owens, Scott and Nardelli, Francesco Zappa and Myreen, Magnus O},
  journal={Communications of the ACM},
  volume={53},
  number={7},
  pages={89--97},
  year={2010},n
  publisher={ACM}
}

@inproceedings{owens2009better,
  title={A better x86 memory model: x86-TSO},
  author={Owens, Scott and Sarkar, Susmit and Sewell, Peter},
  booktitle={International Conference on Theorem Proving in Higher Order Logics},
  pages={391--407},
  year={2009},
  organization={Springer}
}

@article{sarkar2011understanding,
  title={Understanding POWER multiprocessors},
  author={Sarkar, Susmit and Sewell, Peter and Alglave, Jade and Maranget, Luc and Williams, Derek},
  journal={ACM SIGPLAN Notices},
  volume={46},
  number={6},
  pages={175--186},
  year={2011},
  publisher={ACM}
}

@article{batty2011mathematizing,
  title={Mathematizing C++ concurrency},
  author={Batty, Mark and Owens, Scott and Sarkar, Susmit and Sewell, Peter and Weber, Tjark},
  journal={ACM SIGPLAN Notices},
  volume={46},
  number={1},
  pages={55--66},
  year={2011},
  publisher={ACM}
}

@article{bailis2013highly,
  title={Highly available transactions: Virtues and limitations},
  author={Bailis, Peter and Davidson, Aaron and Fekete, Alan and Ghodsi, Ali and Hellerstein, Joseph M and Stoica, Ion},
  journal={Proceedings of the VLDB Endowment},
  volume={7},
  number={3},
  pages={181--192},
  year={2013},
  publisher={VLDB Endowment}
}

@misc{kernel1,
  title = {A formal kernel memory-ordering model (part~1)},
  author = {McKenney, Paul E. and Alglave, Jade and Maranget, Luc and Parri, Andrea and Stern, Alan},
  url = {https://lwn.net/Articles/718628/},
  year = {2017},
}

@book{manson2005java,
  title={The Java memory model},
  author={Manson, Jeremy and Pugh, William and Adve, Sarita V},
  volume={40},
  number={1},
  year={2005},
  publisher={ACM}
}

@book{parr2013definitive,
  title={The definitive ANTLR 4 reference},
  author={Parr, Terence},
  year={2013},
  publisher={Pragmatic Bookshelf}
}

@article{jtc2011sc22,
  title={SC22/WG14. ISO/IEC 9899: 2011},
  author={ISO/IEC},
  journal={Information technology -- Programming languages --C. http://www.iso.org/iso/iso\_ catalogue/catalogue\_ tc/catalogue\_detail. htm},
  year={2011}
}

@article{Porthos17,
  author    = {de Le{\'o}n, H Ponce and Furbach, Florian and Heljanko, Keijo and Meyer, Roland},
  title     = {Portability Analysis for Axiomatic Memory Models. {PORTHOS:} One Tool for all Models},
  journal   = {CoRR},
  volume    = {abs/1702.06704},
  year      = {2017},
  url       = {http://arxiv.org/abs/1702.06704},
  archivePrefix = {arXiv},
  eprint    = {1702.06704},
  timestamp = {Wed, 07 Jun 2017 14:41:34 +0200},
  biburl    = {https://dblp.org/rec/bib/journals/corr/LeonFHM17},
  bibsource = {dblp computer science bibliography, https://dblp.org}
}

@Article{alglave2010shared,
  author  = {Alglave, Jade},
  title   = {A shared memory poetics},
  journal = {La Th{\`e}se de doctorat, L’universit{\'e} Paris Denis Diderot},
  year    = {2010},
}

@article{alglave2016syntax,
  title={Syntax and semantics of the weak consistency model specification language cat},
  author={Alglave, Jade and Cousot, Patrick and Maranget, Luc},
  journal={arXiv preprint arXiv:1608.07531},
  year={2016}
}

@inproceedings{alglave2009semantics,
  title={The semantics of Power and ARM multiprocessor machine code},
  author={Alglave, Jade and Fox, Anthony and Ishtiaq, Samin and Myreen, Magnus O and Sarkar, Susmit and Sewell, Peter and Nardelli, Francesco Zappa},
  booktitle={Proceedings of the 4th workshop on Declarative aspects of multicore programming},
  pages={13--24},
  year={2009},
  organization={ACM}
}

@article{alglave2014herding,
  title={Herding cats: Modelling, simulation, testing, and data mining for weak memory},
  author={Alglave, Jade and Maranget, Luc and Tautschnig, Michael},
  journal={ACM Transactions on Programming Languages and Systems (TOPLAS)},
  volume={36},
  number={2},
  pages={7},
  year={2014},
  publisher={ACM}
}

@article{lamport1978time,
  title={Time, clocks, and the ordering of events in a distributed system},
  author={Lamport, Leslie},
  journal={Communications of the ACM},
  volume={21},
  number={7},
  pages={558--565},
  year={1978},
  publisher={ACM}
}



@inproceedings{wickerson2017automatically,
  title={Automatically comparing memory consistency models},
  author={Wickerson, John and Batty, Mark and Sorensen, Tyler and Constantinides, George A},
  booktitle={ACM SIGPLAN Notices},
  volume={52},
  number={1},
  pages={190--204},
  year={2017},
  organization={ACM}
}

@mastersthesis{fri97,
author = {M. Frigo},
title = {The weakest reasonable memory model},
school = {MIT},
year = {1997},
month = oct}


@book{aho2007compilers,
  title={Compilers: Principles, Techniques, \& Tools},
  author={Aho, A.V.},
  isbn={9780321486813},
  lccn={2006024333},
  series={Addison-Wesley series in computer science},
  year={2007},
  publisher={Pearson/Addison Wesley}
}

@book{Dasgupta:2006:ALG:1177299,
 author = {Dasgupta, Sanjoy and Papadimitriou, Christos H. and Vazirani, Umesh},
 title = {Algorithms},
 year = {2008},
 isbn = {0073523402, 9780073523408},
 edition = {1},
 publisher = {McGraw-Hill, Inc.},
 address = {New York, NY, USA}
}

@article{bccsoy2003bmc,
  title={Bounded model checking.},
  author={Biere, Armin and Cimatti, Alessandro and Clarke, Edmund M and Strichman, Ofer and Zhu, Yunshan and others},
  journal={Advances in computers},
  volume={58},
  number={11},
  pages={117--148},
  year={2003}
}

@inproceedings{collavizza2006exploration,
  title={Exploration of the capabilities of constraint programming for software verification},
  author={Collavizza, H{\'e}lene and Rueher, Michel},
  booktitle={International Conference on Tools and Algorithms for the Construction and Analysis of Systems},
  pages={182--196},
  year={2006},
  organization={Springer}
}

@article{malik2009boolean,
  title={Boolean satisfiability from theoretical hardness to practical success},
  author={Malik, Sharad and Zhang, Lintao},
  journal={Communications of the ACM},
  volume={52},
  number={8},
  pages={76--82},
  year={2009},
  publisher={ACM}
}

@inproceedings{de2008z3,
  title={Z3: An efficient SMT solver},
  author={De Moura, Leonardo and Bj{\o}rner, Nikolaj},
  booktitle={International conference on Tools and Algorithms for the Construction and Analysis of Systems},
  pages={337--340},
  year={2008},
  organization={Springer}
}
@inproceedings{mazurkiewicz1986trace,
  title={Trace theory},
  author={Mazurkiewicz, Antoni},
  booktitle={Advanced course on Petri nets},
  pages={278--324},
  year={1986},
  organization={Springer}
}

@incollection{clarke2012model,
  title={Model checking and the state explosion problem},
  author={Clarke, Edmund M and Klieber, William and Nov{\'a}{\v{c}}ek, Milo{\v{s}} and Zuliani, Paolo},
  booktitle={Tools for Practical Software Verification},
  pages={1--30},
  year={2012},
  publisher={Springer}
}

@article{clarke2001bounded,
  title={Bounded model checking using satisfiability solving},
  author={Clarke, Edmund and Biere, Armin and Raimi, Richard and Zhu, Yunshan},
  journal={Formal methods in system design},
  volume={19},
  number={1},
  pages={7--34},
  year={2001},
  publisher={Springer}
}

%making BMC complete for finite-state systems
@inproceedings{shtrichman2000tuning,
  title={Tuning SAT checkers for bounded model checking},
  author={Shtrichman, Ofer},
  booktitle={International Conference on Computer Aided Verification},
  pages={480--494},
  year={2000},
  organization={Springer}
}

@Article{sewell2010x86,
  author    = {Sewell, Peter and Sarkar, Susmit and Owens, Scott and Nardelli, Francesco Zappa and Myreen, Magnus O},
  title     = {x86-TSO: a rigorous and usable programmer's model for x86 multiprocessors},
  journal   = {Communications of the ACM},
  year      = {2010},
  volume    = {53},
  number    = {7},
  pages     = {89--97},
  publisher = {ACM},
}

@Article{Alglave2014,
  author        = {Alglave, Jade and Maranget, Luc and Tautschnig, Michael},
  title         = {Herding cats: Modelling, simulation, testing, and data mining for weak memory},
  journal       = {ACM Transactions on Programming Languages and Systems (TOPLAS)},
  year          = {2014},
  volume        = {36},
  number        = {2},
  pages         = {7},
  __markedentry = {[ael:]},
  publisher     = {ACM},
}

@Article{Alglave2016,
  author        = {Alglave, Jade and Cousot, Patrick and Maranget, Luc},
  title         = {Syntax and semantics of the weak consistency model specification language cat},
  journal       = {arXiv preprint arXiv:1608.07531},
  year          = {2016},
  __markedentry = {[ael:]},
}

@Article{Alglave2015,
  author        = {Alglave, Jade and Batty, Mark and Donaldson, Alastair F and Gopalakrishnan, Ganesh and Ketema, Jeroen and Poetzl, Daniel and Sorensen, Tyler and Wickerson, John},
  title         = {GPU concurrency: Weak behaviours and programming assumptions},
  journal       = {ACM SIGARCH Computer Architecture News},
  year          = {2015},
  volume        = {43},
  number        = {1},
  pages         = {577--591},
  __markedentry = {[ael:]},
  publisher     = {ACM},
}

@Article{Alglave,
  author        = {Alglave, J and Cousot, P and Maranget, L},
  title         = {Syntax and semantics of the cat language},
  journal       = {HSA Foundation, Version},
  volume        = {1},
  pages         = {38},
  __markedentry = {[ael:]},
}

@TechReport{Alglavea,
  author        = {Alglave, Jade and Maranget, Luc},
  title         = {Towards a formalization of the HSA memory model in the cat language},
  institution   = {Technical report, 2016. HSA Foundation Specification Version 1. URL: http://www. hsafoundation. com},
  __markedentry = {[ael:]},
}

@Article{Alglave2016a,
  author        = {Alglave, Jade and Cousot, Patrick},
  title         = {Syntax and analytic semantics of LISA},
  journal       = {arXiv preprint arXiv:1608.06583},
  year          = {2016},
  __markedentry = {[ael:]},
}

@InProceedings{Alglave2016b,
  author        = {Alglave, Jade},
  title         = {Simulation and invariance for weak consistency},
  booktitle     = {International Static Analysis Symposium},
  year          = {2016},
  pages         = {3--22},
  organization  = {Springer},
  __markedentry = {[ael:]},
}

@InProceedings{Alglave2015a,
  author        = {Alglave, Jade},
  title         = {Modeling of architectures},
  booktitle     = {International School on Formal Methods for the Design of Computer, Communication and Software Systems},
  year          = {2015},
  pages         = {97--145},
  organization  = {Springer},
  __markedentry = {[ael:]},
}

@InProceedings{Alglave2017,
  author        = {Alglave, Jade and Cousot, Patrick},
  title         = {Ogre and pythia: an invariance proof method for weak consistency models},
  booktitle     = {ACM SIGPLAN Notices},
  year          = {2017},
  volume        = {52},
  number        = {1},
  pages         = {3--18},
  organization  = {ACM},
  __markedentry = {[ael:]},
}

@Article{Maranget2015,
  author        = {Maranget, Luc and Alglave, Jade},
  title         = {Towards a Formalization of the HSA Memory Model in the cat Language},
  year          = {2015},
  __markedentry = {[ael:]},
}

@Article{Alglave2017a,
  author        = {Alglave, Jade},
  title         = {Coalition, intrigue, ambush, destruction and pride: herding cats can be challenging.},
  journal       = {Formal Methods in Computer-Aided Design FMCAD 2017},
  year          = {2017},
  pages         = {6},
  __markedentry = {[ael:]},
}

@InProceedings{Alglave2018,
  author        = {Alglave, Jade and Maranget, Luc and McKenney, Paul E and Parri, Andrea and Stern, Alan},
  title         = {Frightening small children and disconcerting grown-ups: Concurrency in the Linux kernel},
  booktitle     = {Proceedings of the Twenty-Third International Conference on Architectural Support for Programming Languages and Operating Systems},
  year          = {2018},
  pages         = {405--418},
  organization  = {ACM},
  __markedentry = {[ael:]},
}

@InProceedings{Alglave2017b,
  author        = {Alglave, Jade and Cousot, Patrick and Urban, Caterina},
  title         = {Concurrency with Weak Memory Models (Dagstuhl Seminar 16471)},
  booktitle     = {Dagstuhl Reports},
  year          = {2017},
  volume        = {6},
  number        = {11},
  organization  = {Schloss Dagstuhl-Leibniz-Zentrum fuer Informatik},
  __markedentry = {[ael:]},
}

@Article{Alglavec,
  author        = {Alglave, Jade and Cousot, Patrick},
  title         = {The hierarchy of analytic semantics of weakly consistent parallelism},
  __markedentry = {[ael:]},
}

@Article{Wickerson2015,
  author        = {Wickerson, John and Batty, Mark},
  title         = {Taming the complexities of the C11 and OpenCL memory models},
  journal       = {arXiv preprint arXiv:1503.07073},
  year          = {2015},
  __markedentry = {[ael:]},
}

@Article{Alglave2015b,
  author        = {Alglave, Jade and Batty, Mark and Donaldson, Alastair F and Gopalakrishnan, Ganesh and Ketema, Jeroen and Poetzl, Daniel and Sorensen, Tyler and Wickerson, John},
  title         = {Full text document},
  year          = {2015},
  __markedentry = {[ael:]},
}

@InProceedings{Lustig2017,
  author        = {Lustig, Daniel and Wright, Andrew and Papakonstantinou, Alexandros and Giroux, Olivier},
  title         = {Automated synthesis of comprehensive memory model litmus test suites},
  booktitle     = {Proceedings of the Twenty-Second International Conference on Architectural Support for Programming Languages and Operating Systems},
  year          = {2017},
  pages         = {661--675},
  organization  = {ACM},
  __markedentry = {[ael:]},
}

@Article{Batty2016,
  author        = {Batty, Mark and Donaldson, Alastair F and Wickerson, John},
  title         = {Overhauling SC atomics in C11 and OpenCL},
  journal       = {ACM SIGPLAN Notices},
  year          = {2016},
  volume        = {51},
  number        = {1},
  pages         = {634--648},
  __markedentry = {[ael:]},
  publisher     = {ACM},
}

@InProceedings{Meyer2017,
  author        = {Meyer, Roland},
  title         = {Portability Analysis for Weak Memory Models},
  booktitle     = {Static Analysis: 24th International Symposium, SAS 2017, New York, NY, USA, August 30--September 1, 2017, Proceedings},
  year          = {2017},
  volume        = {10422},
  pages         = {299},
  organization  = {Springer},
  __markedentry = {[ael:]},
}

@Article{Alglave2010,
  author        = {Alglave, Jade},
  title         = {A shared memory poetics},
  journal       = {These de doctorat, L’universit{\'e} Paris Denis Diderot},
  year          = {2010},
  __markedentry = {[ael:6]},
}

@Book{Hutcheon2003,
  title         = {A poetics of postmodernism: history, theory, fiction},
  publisher     = {Routledge},
  year          = {2003},
  author        = {Hutcheon, Linda and others},
  __markedentry = {[ael:6]},
}

@Book{Curtis2017,
  title         = {Mass atrocity, collective memory, and the law},
  publisher     = {Routledge},
  year          = {2017},
  author        = {Curtis, Michael},
  __markedentry = {[ael:6]},
}

@Article{Rigney2005,
  author        = {Rigney, Ann},
  title         = {Plenitude, scarcity and the circulation of cultural memory},
  journal       = {Journal of European studies},
  year          = {2005},
  volume        = {35},
  number        = {1},
  pages         = {011--028},
  __markedentry = {[ael:6]},
  publisher     = {Sage Publications Sage CA: Thousand Oaks, CA},
}

@Article{Thelen1989,
  author        = {Thelen, David},
  title         = {Memory and American history},
  journal       = {The Journal of American History},
  year          = {1989},
  volume        = {75},
  number        = {4},
  pages         = {1117--1129},
  __markedentry = {[ael:6]},
  publisher     = {JSTOR},
}

@Article{Kuhn2000,
  author        = {Kuhn, Annette},
  title         = {A journey through memory},
  journal       = {Memory and methodology},
  year          = {2000},
  pages         = {179--96},
  __markedentry = {[ael:6]},
  publisher     = {Berg Oxford},
}

@Book{Docker2001,
  title         = {1492: the poetics of diaspora},
  publisher     = {Continuum Publishing Company},
  year          = {2001},
  author        = {Docker, John and others},
  __markedentry = {[ael:6]},
}

@Book{Gunn2017,
  title         = {Autobiography: Toward a poetics of experience},
  publisher     = {University of Pennsylvania Press},
  year          = {2017},
  author        = {Gunn, Janet Varner},
  __markedentry = {[ael:6]},
}

@Book{Abercrombie1998,
  title         = {Pathways of memory and power: ethnography and history among an Andean people},
  publisher     = {Univ of Wisconsin Press},
  year          = {1998},
  author        = {Abercrombie, Thomas Alan},
  __markedentry = {[ael:6]},
}

@Book{Feld2012,
  title         = {Sound and Sentiment: Birds, Weeping, Poetics, and Song in Kaluli Expression, with a new introduction by the author},
  publisher     = {Duke University Press},
  year          = {2012},
  author        = {Feld, Steven},
  __markedentry = {[ael:6]},
}

@Article{Gupta1992,
  author        = {Gupta, Akhil and Ferguson, James},
  title         = {Beyond “culture”: Space, identity, and the politics of difference},
  journal       = {Cultural anthropology},
  year          = {1992},
  volume        = {7},
  number        = {1},
  pages         = {6--23},
  __markedentry = {[ael:6]},
  publisher     = {Wiley Online Library},
}

@InProceedings{Donaldson2011,
  author        = {Donaldson, Alastair and Kaiser, Alexander and Kroening, Daniel and Wahl, Thomas},
  title         = {Symmetry-aware predicate abstraction for shared-variable concurrent programs},
  booktitle     = {International Conference on Computer Aided Verification},
  year          = {2011},
  pages         = {356--371},
  organization  = {Springer},
  __markedentry = {[ael:6]},
}

@Book{Dundjerovich2003,
  title         = {The cinema of Robert Lepage: the poetics of memory},
  publisher     = {Wallflower Press},
  year          = {2003},
  author        = {Dundjerovich, Aleksandar},
  __markedentry = {[ael:6]},
}

@Article{Cunliffe2002,
  author        = {Cunliffe, Ann L},
  title         = {Social poetics as management inquiry: A dialogical approach},
  journal       = {Journal of Management Inquiry},
  year          = {2002},
  volume        = {11},
  number        = {2},
  pages         = {128--146},
  __markedentry = {[ael:6]},
  publisher     = {Sage Publications Sage CA: Thousand Oaks, CA},
}

@Article{Nissley2002,
  author        = {Nissley, Nick and Casey, Andrea},
  title         = {The politics of the exhibition: Viewing corporate museums through the paradigmatic lens of organizational memory},
  journal       = {British Journal of management},
  year          = {2002},
  volume        = {13},
  number        = {S2},
  __markedentry = {[ael:6]},
  publisher     = {Wiley Online Library},
}

@Article{Fogu2006,
  author        = {Fogu, Claudio and Kansteiner, Wulf},
  title         = {The politics of memory and the poetics of history},
  journal       = {The politics of memory in postwar Europe},
  year          = {2006},
  pages         = {284--310},
  __markedentry = {[ael:6]},
  publisher     = {Duke University Press Durham and London},
}

@Article{Ashuri2005,
  author        = {Ashuri, Tamar},
  title         = {The nation remembers: National identity and shared memory in television documentaries},
  journal       = {Nations and Nationalism},
  year          = {2005},
  volume        = {11},
  number        = {3},
  pages         = {423--442},
  __markedentry = {[ael:6]},
  publisher     = {Wiley Online Library},
}

@PhdThesis{Prendergast2006,
  author        = {Prendergast, Monica},
  title         = {Audience in performance: A poetics and pedagogy of spectatorship},
  year          = {2006},
  __markedentry = {[ael:6]},
}

@Book{Herzfeld1988,
  title         = {The poetics of manhood: contest and identity in a Cretan mountain village},
  publisher     = {Princeton University Press},
  year          = {1988},
  author        = {Herzfeld, Michael},
  __markedentry = {[ael:6]},
}

@Book{Watkins1995,
  title         = {How to kill a dragon: aspects of Indo-European poetics},
  publisher     = {Oxford University Press on Demand},
  year          = {1995},
  author        = {Watkins, Calvert},
  __markedentry = {[ael:6]},
}

@Comment{jabref-meta: databaseType:bibtex;}

{Suo98,
%  author =  {Sanna Suoranta},
%  title =   {{An Object-Oriented Implementation of an
%                  Authentication Protocol}},
%  school =  {Helsinki University of Technology},
%  year =  {1998},
%  month =   {November},
%  annote =  {An ISAKMP implementation using Jacob framework
%                  implementation that is based on conduits+
%                  framework.}
%}
%
%%%%%%%%%%%%%%%%%%%%%%%%%%%%%%%%%%%%%%%%%%%%%%%%%%%%%%
% The most common BiBTeX entry types
%
%    * Article: An article from a journal or magazine.
% 
%    * Book:  A book with an explicit publisher.
%
%    * Booklet:  A work that is printed and bound, but without 
%               a named publisher or sponsoring institution.
%
%    * Conference: An article in the proceedings of a conference. 
%                  This entry is identical to the 'inproceedings' 
%                  entry and is included for compatibility with another 
%                  text formatting system.
%
%    * Inbook: A part of a book, which may be a chapter and/or a 
%              range of pages.
%
%    * Incollection: A part of a book having its own title.
%
%    * Inproceedings: An article in a conference proceedings.
%
%    * Manual: Technical documentation.
%
%    * Mastersthesis: A Master's thesis.
%
%    * Misc: This is used when other entries do not fit.
%
%    * Phdthesis: A PhD thesis.
%
%    * Proceedings: The proceedings of a conference.
%
%    * Techreport: A report published by a school or other institution, 
%                  usually numbered within a series.
%
%    * Unpublished: A document having an author and title, but not 
%                   formally published.
%
%
% There are a huge number of BiBTeX guides online, more or less official.
